<?xml version="1.0" encoding="UTF-8"?><collection xmlns="http://www.loc.gov/MARC21/slim"><record><leader>00374nam--2200121-i-4500</leader><controlfield tag="001">000046232</controlfield><controlfield tag="002">20161230</controlfield><controlfield tag="005">20161230201045</controlfield><controlfield tag="008">060222s1000------------r-----000-0-eng-d</controlfield><datafield ind1=" " ind2=" " tag="080"><subfield code="a">061.62(047:485):539.1(047:485)</subfield></datafield><datafield ind1=" " ind2=" " tag="245"><subfield code="a">University of lund.lund institute of technology. annual report 1971</subfield></datafield><datafield ind1=" " ind2=" " tag="260"><subfield code="a">Lund, University, Institute Of Technology, 1977,Pag.Dif</subfield></datafield><datafield ind1=" " ind2=" " tag="852"><subfield code="a">36778</subfield></datafield></record></collection>